<?xml version="1.0" encoding="UTF-8"?><collection xmlns="http://www.loc.gov/MARC21/slim"><record><leader>00348nam--2200121-i-4500</leader><controlfield tag="001">000042368</controlfield><controlfield tag="002">20161230</controlfield><controlfield tag="005">20161230201043</controlfield><controlfield tag="008">060222s1000------------r-----000-0-eng-d</controlfield><datafield ind1=" " ind2=" " tag="080"><subfield code="a">629.19(030.1)</subfield></datafield><datafield ind1=" " ind2=" " tag="245"><subfield code="a">Space in the federal republic of germany 1982 and 1983</subfield></datafield><datafield ind1=" " ind2=" " tag="260"><subfield code="a">Lllandesausschauss, Deutssche Forschungs-gemeinschaft, 1978</subfield></datafield><datafield ind1=" " ind2=" " tag="852"><subfield code="a">72515</subfield></datafield></record></collection>